<?xml version="1.0" encoding="UTF-8"?><collection xmlns="http://www.loc.gov/MARC21/slim"><record><leader>00337nam--2200121-i-4500</leader><controlfield tag="001">000046433</controlfield><controlfield tag="002">20161230</controlfield><controlfield tag="005">20161230201046</controlfield><controlfield tag="008">060222s1000------------r-----000-0-eng-d</controlfield><datafield ind1=" " ind2=" " tag="080"><subfield code="a">669.1</subfield></datafield><datafield ind1=" " ind2=" " tag="245"><subfield code="a">Utilaje si procese tehnologice in industria siderurgica. cercetare documentara</subfield></datafield><datafield ind1=" " ind2=" " tag="260"><subfield code="a">Bucuresti, Ed.Tehnica, 1962, 112p</subfield></datafield><datafield ind1=" " ind2=" " tag="852"><subfield code="a">8265</subfield></datafield></record></collection>